<record><leader>00000nas a2200000 i 4500</leader><controlfield tag="001">942686209</controlfield><controlfield tag="006">m     o  d        </controlfield><controlfield tag="007">cr |||||||||||</controlfield><controlfield tag="008">160302d19041974wvudn neo     0   a0eng  </controlfield><datafield ind1=" " ind2=" " tag="010"><subfield code="a">  2016271019</subfield></datafield><datafield ind1=" " ind2=" " tag="040"><subfield code="a">DLC</subfield><subfield code="b">eng</subfield><subfield code="e">rda</subfield><subfield code="c">DLC</subfield></datafield><datafield ind1="0" ind2=" " tag="022"><subfield code="a">2471-2191</subfield><subfield code="2">1</subfield></datafield><datafield ind1=" " ind2=" " tag="042"><subfield code="a">pcc</subfield><subfield code="a">nsdp</subfield></datafield><datafield ind1=" " ind2=" " tag="043"><subfield code="a">n-us-wv</subfield></datafield><datafield ind1="1" ind2="0" tag="050"><subfield code="a">ISSN RECORD</subfield></datafield><datafield ind1="1" ind2="0" tag="082"><subfield code="a">071</subfield><subfield code="2">23</subfield></datafield><datafield ind1="0" ind2=" " tag="130"><subfield code="a">Fairmont West Virginian (Fairmont, W.Va. : 1904)</subfield></datafield><datafield ind1=" " ind2="4" tag="222"><subfield code="a">The Fairmont West Virginian</subfield><subfield code="b">(Fairmont, W.Va. 1904. Online)</subfield></datafield><datafield ind1="1" ind2="4" tag="245"><subfield code="a">The Fairmont West Virginian.</subfield></datafield><datafield ind1=" " ind2="1" tag="264"><subfield code="a">Fairmont, West Virginia :</subfield><subfield code="b">Fairmont West Virginian Publishing Company</subfield></datafield><datafield ind1=" " ind2=" " tag="300"><subfield code="a">1 online resource</subfield></datafield><datafield ind1=" " ind2=" " tag="310"><subfield code="a">Daily (except Sunday)</subfield></datafield><datafield ind1=" " ind2=" " tag="336"><subfield code="a">text</subfield><subfield code="b">txt</subfield><subfield code="2">rdacontent</subfield></datafield><datafield ind1=" " ind2=" " tag="337"><subfield code="a">computer</subfield><subfield code="b">c</subfield><subfield code="2">rdamedia</subfield></datafield><datafield ind1=" " ind2=" " tag="338"><subfield code="a">online resource</subfield><subfield code="b">cr</subfield><subfield code="2">rdacarrier</subfield></datafield><datafield ind1="1" ind2=" " tag="362"><subfield code="a">Began with volume I, number 1 (April 19, 1904); ceased December 30, 1974.</subfield></datafield><datafield ind1=" " ind2=" " tag="500"><subfield code="a">"Official Republican Organ of the County."</subfield></datafield><datafield ind1=" " ind2=" " tag="500"><subfield code="a">Publishing Co. officers: George M. Jacobs, Pres., J.E.  Powell, business manager.</subfield></datafield><datafield ind1=" " ind2=" " tag="500"><subfield code="a">Editors: L.C. Powell &amp; M.C. Lough.</subfield></datafield><datafield ind1=" " ind2=" " tag="580"><subfield code="a">Issued also in a semiweekly edition entitled: Fairmont West Virginian (Fairmont, W.Va. : 1907) (non-extant).</subfield></datafield><datafield ind1=" " ind2=" " tag="588"><subfield code="a">Description based on: Volume I, number 1 (April 19, 1904); title from masthead (Chroniclingamerica.loc.gov, viewed March 2, 2016).</subfield></datafield><datafield ind1=" " ind2=" " tag="588"><subfield code="a">Latet issue consulted: December 30, 1922 (Chroniclingamerica.loc.gov, viewed March 2, 2016).</subfield></datafield><datafield ind1=" " ind2=" " tag="752"><subfield code="a">United States</subfield><subfield code="b">West Virginia</subfield><subfield code="c">Marion</subfield><subfield code="d">Fairmont.</subfield></datafield><datafield ind1="1" ind2=" " tag="775"><subfield code="t">Fairmont West Virginian (Fairmont, W.Va. : 1874)</subfield></datafield><datafield ind1="1" ind2=" " tag="775"><subfield code="t">Fairmont West Virginian (Fairmont, W.Va. : 1907)</subfield></datafield><datafield ind1="0" ind2="8" tag="776"><subfield code="i">Originally issued in print:</subfield><subfield code="t">Fairmont West Virginian (Fairmont, W.Va. : 1904)</subfield><subfield code="x">2471-2183</subfield><subfield code="w">(DLC)sn 86092557</subfield><subfield code="w">(OCoLC)13707836</subfield></datafield><datafield ind1="0" ind2="7" tag="785"><subfield code="t">Fairmont times</subfield></datafield><datafield ind1="0" ind2="7" tag="785"><subfield code="t">Fairmont times and West Virginian</subfield></datafield><datafield ind1="4" ind2="0" tag="856"><subfield code="u">http://chroniclingamerica.loc.gov/lccn/sn86092557/issues</subfield></datafield></record>